<record><leader>00000cas a22000007a 4500</leader><controlfield tag="001">20697573</controlfield><controlfield tag="008">891127d1891190unduwr n       0    0eng d</controlfield><datafield ind1=" " ind2=" " tag="010"><subfield code="a">sn 88076131 </subfield></datafield><datafield ind1=" " ind2=" " tag="040"><subfield code="a">NOP</subfield><subfield code="b">eng</subfield><subfield code="c">NOP</subfield><subfield code="d">OCLCQ</subfield></datafield><datafield ind1=" " ind2=" " tag="042"><subfield code="a">msc</subfield></datafield><datafield ind1="0" ind2=" " tag="130"><subfield code="a">Reynolds enterprise (Reynolds, N.D. : 1891)</subfield></datafield><datafield ind1="1" ind2="0" tag="245"><subfield code="a">Reynolds enterprise.</subfield></datafield><datafield ind1=" " ind2=" " tag="260"><subfield code="a">Reynolds, N.D. :</subfield><subfield code="b">George L. Ryerson</subfield></datafield><datafield ind1=" " ind2=" " tag="300"><subfield code="a">15 v. :</subfield><subfield code="b">ill. ;</subfield><subfield code="c">50-61 cm.</subfield></datafield><datafield ind1=" " ind2=" " tag="310"><subfield code="a">Weekly</subfield></datafield><datafield ind1="1" ind2=" " tag="362"><subfield code="a">Began in 1891.</subfield></datafield><datafield ind1=" " ind2=" " tag="500"><subfield code="a">"Official paper of City of Reynolds and Grand Forks County", 1898-1899.</subfield></datafield><datafield ind1=" " ind2=" " tag="530"><subfield code="a">Available on microfilm from the State Historical Society of North Dakota.</subfield></datafield><datafield ind1=" " ind2=" " tag="580"><subfield code="a">Includes section: Thompson news, Mar. 5, 1903-July 22, 1904.</subfield></datafield><datafield ind1=" " ind2=" " tag="588"><subfield code="a">Description based on: Vol. 7, no. 20 (Feb. 17, 1898).</subfield></datafield><datafield ind1="0" ind2=" " tag="730"><subfield code="a">Thompson news.</subfield></datafield><datafield ind1=" " ind2=" " tag="752"><subfield code="a">United States</subfield><subfield code="b">North Dakota</subfield><subfield code="c">Grand Forks</subfield><subfield code="d">Reynolds.</subfield></datafield><datafield ind1="0" ind2="7" tag="785"><subfield code="t">Red River Valley sun</subfield><subfield code="w">(DLC)sn 89074408</subfield></datafield><datafield ind1="0" ind2="7" tag="785"><subfield code="t">Red River Valley sun and Reynolds enterprise</subfield><subfield code="w">(DLC)sn 88076132</subfield></datafield><datafield ind1="1" ind2=" " tag="029"><subfield code="a">AU@</subfield><subfield code="b">000025835879</subfield></datafield></record>